@article{csl,
  author       = {Davide Catta and Rustam Galimullin and Aniello Murano},
  title        = {First-Order Coalition Logic},
  journal      = {CoRR},
  volume       = {abs/2505.06960},
  year         = {2025},
  doi          = {10.48550/arXiv.2505.06960},
}

@incollection{agotnes15,
title = {Knowledge and Ability},
editor = {Hans van Ditmarsch and Joseph Y. Halpern and Wiebe van der Hoek and Barteld Kooi},
publisher = {College Publications},
pages = {543--589},
year = {2015},
booktitle = {Handbook of Epistemic Logic},
author = {Thomas {\AA}gotnes and Valentin Goranko and Wojciech Jamroga and Michael Wooldridge},
}

@inproceedings{boudou18,
  author       = {Joseph Boudou and
                  Emiliano Lorini},
  editor       = {Elisabeth Andr{\'{e}} and
                  Sven Koenig and
                  Mehdi Dastani and
                  Gita Sukthankar},
  title        = {Concurrent Game Structures for Temporal {STIT} Logic},
  booktitle    = {Proceedings of the 17th {AAMAS}},
  pages        = {381--389},
  publisher    = {{IFAAMAS}},
  year         = {2018},
}

@book{vandalen,
  author       = {Dirk van Dalen},
  title        = {Logic and structure {(3.} ed.)},
  series       = {Universitext},
  publisher    = {Springer},
  year         = {1994},
  isbn         = {978-3-540-57839-0},
}

@book{thebluebible,
author = {Patrick Blackburn and Maarten de Rijke and Yde Venema},
title = {Modal Logic},
publisher = {CUP},
series={Cambridge Tracts in Theoretical Computer Science},
volume = {53},
year = 2001	}

@inproceedings{hennessy80,
  author       = {Matthew Hennessy and
                  Robin Milner},
  editor       = {J. W. de Bakker and
                  Jan van Leeuwen},
  title        = {On Observing Nondeterminism and Concurrency},
  booktitle    = {Proceedings of the 7th {ICALP}},
  series       = {LNCS},
  volume       = {85},
  pages        = {299--309},
  publisher    = {Springer},
  year         = {1980},
  doi          = {10.1007/3-540-10003-2\_79},
}

@inproceedings{vandermeyden19,
  author       = {Ron van der Meyden},
  title        = {On the specification and verification of atomic swap smart contracts
                  (extended abstract)},
  booktitle    = {Proceedings of the 1st {ICBC}},
  pages        = {176--179},
  publisher    = {{IEEE}},
  year         = {2019},
  doi          = {10.1109/BLOC.2019.8751250},
}

@inproceedings{galimullin22,
  author       = {Rustam Galimullin and
                  Thomas {\AA}gotnes},
  editor       = {Reyhan Aydogan and
                  Natalia Criado and
                  J{\'{e}}r{\^{o}}me Lang and
                  V{\'{\i}}ctor S{\'{a}}nchez{-}Anguix and
                  Marc Serramia},
  title        = {Coalition Logic for Specification and Verification of Smart Contract
                  Upgrades},
  booktitle    = {Proceedings of the 24th {PRIMA}},
  series       = {LNCS},
  volume       = {13753},
  pages        = {563--572},
  publisher    = {Springer},
  year         = {2022},

  doi          = {10.1007/978-3-031-21203-1\_34},
}

@article{lorini11,
  author       = {Emiliano Lorini and
                  Fran{\c{c}}ois Schwarzentruber},
  title        = {A logic for reasoning about counterfactual emotions},
  journal      = {Artificial Intelligence},
  volume       = {175},
  number       = {3-4},
  pages        = {814--847},
  year         = {2011},
  doi          = {10.1016/J.ARTINT.2010.11.022},
}

@incollection{broersen15,
  author       = {Jan M. Broersen and
                  Andreas Herzig},
  editor       = {Johan van Benthem and
                  Sujata Ghosh and
                  Rineke Verbrugge},
  title        = {Using {STIT} Theory to Talk About Strategies},
  booktitle    = {Models of Strategic Reasoning - Logics, Games, and Communities},
  series       = {LNCS},
  volume       = {8972},
  pages        = {137--173},
  publisher    = {Springer},
  year         = {2015},
  doi          = {10.1007/978-3-662-48540-8\_5},
}

@inproceedings{herzig08,
  author       = {Andreas Herzig and
                  Fran{\c{c}}ois Schwarzentruber},
  editor       = {Carlos Areces and
                  Robert Goldblatt},
  title        = {Properties of logics of individual and group agency},
  booktitle    = {Proceedings of the 7th {AiML}},
  pages        = {133--149},
  publisher    = {College Publications},
  year         = {2008},
}

@book{horty01,
author = {John F. Horty},
title = {Agency and deontic logic},
year = {2001},
publisher = {OUP},
OPTdoi = {10.1093/0195134613.001.0001},
  }

@article{agotnes08,
  author       = {Thomas {\AA}gotnes and
                  Wiebe van der Hoek and
                  Michael J. Wooldridge},
  title        = {Quantified coalition logic},
  journal      = {Synthese},
  volume       = {165},
  number       = {2},
  pages        = {269--294},
  year         = {2008},
  doi          = {10.1007/S11229-008-9363-1},
}

@article{wangTile,
  author       = {Hao Wang},
  title        = {Proving Theorems by Pattern Recognition {II}},
  journal      = {The Bell System Technical Journal},
  volume       = {40},
  number       = {1},
  pages        = {1--41},
  year         = {1961},
}

@inproceedings{harel83,
  author       = {David Harel},
  editor       = {Marek Karpinski},
  title        = {Recurring Dominoes: Making the Highly Undecidable Highly Understandable
                  (Preliminary Report)},
  booktitle    = {Proceedings of the 4th {FCT}},
  series       = {LNCS},
  volume       = {158},
  pages        = {177--194},
  publisher    = {Springer},
  year         = {1983},
  doi          = {10.1007/3-540-12689-9\_103},
}

@phdthesis{mogavero10thesis,
  author       = {Fabio Mogavero},
  title        = {Logics in Computer Science},
  school       = {University of Naples Federico II, Italy},
  year         = {2010},
}

@inproceedings{belardinelli18,
  author       = {Francesco Belardinelli and
                  Catalin Dima and
                  Aniello Murano},
  editor       = {Michael Thielscher and
                  Francesca Toni and
                  Frank Wolter},
  title        = {Bisimulations for Logics of Strategies: {A} Study in Expressiveness
                  and Verification},
  booktitle    = {Proceedings of the 16th {KR}},
  pages        = {425--434},
  year         = {2018},
}

@inproceedings{acar19,
  author       = {Erman Acar and
                  Massimo Benerecetti and
                  Fabio Mogavero},
  title        = {Satisfiability in Strategy Logic Can Be Easier than Model Checking},
  booktitle    = {Proceedings of the 33rd {AAAI}},
  pages        = {2638--2645},
  year         = {2019},
  doi          = {10.1609/AAAI.V33I01.33012638},
}

@inproceedings{agotnes07,
  author       = {Thomas {\AA}gotnes and
                  Valentin Goranko and
                  Wojciech Jamroga},
  editor       = {Dov Samet},
  title        = {Alternating-time temporal logics with irrevocable strategies},
  booktitle    = {Proceedings of the 11th {TARK}},
  pages        = {15--24},
  year         = {2007},
  doi          = {10.1145/1324249.1324256},
}

@article{alternation,
  author       = {Ashok K. Chandra and
                  Dexter Kozen and
                  Larry J. Stockmeyer},
  title        = {Alternation},
  journal      = {Journal of the {ACM}},
  volume       = {28},
  number       = {1},
  pages        = {114--133},
  year         = {1981},
  doi          = {10.1145/322234.322243},
}
@article{chatterjee2010strategy,
  title={Strategy logic},
  author={Chatterjee, Krishnendu and Henzinger, Thomas A and Piterman, Nir},
  journal={Information and Computation},
  volume={208},
  number={6},
  pages={677--693},
  year={2010},
  publisher={Elsevier}
}

@inproceedings{van2005logic,
  author       = {Wiebe van der Hoek and
                  Wojciech Jamroga and
                  Michael J. Wooldridge},
  editor       = {Frank Dignum and
                  Virginia Dignum and
                  Sven Koenig and
                  Sarit Kraus and
                  Munindar P. Singh and
                  Michael J. Wooldridge},
  title        = {A logic for strategic reasoning},
  booktitle    = {Proceedings of the 4th {AAMAS}},
  pages        = {157--164},
  year         = {2005},
  doi          = {10.1145/1082473.1082497},
}

@book{Cresswell1996-CREANI-3,
	address = {New York},
	author = {M. J. Cresswell and G. E. Hughes},
	publisher = {Routledge},
	title = {A New Introduction to Modal Logic},
	year = {1996}
}


@inproceedings{mogavero15,
  author       = {Fabio Mogavero and
                  Giuseppe Perelli},
  editor       = {Stephan Kreutzer},
  title        = {Binding Forms in First-Order Logic},
  booktitle    = {Proceedings of the 24th {CSL}},
  series       = {LIPIcs},
  volume       = {41},
  pages        = {648--665},
  publisher    = {Schloss Dagstuhl - Leibniz-Zentrum f{\"{u}}r Informatik},
  year         = {2015},
  doi          = {10.4230/LIPICS.CSL.2015.648},
}

@article{alechina11,
  author       = {Natasha Alechina and
                  Brian Logan and
                  Nguyen Hoang Nga and
                  Abdur Rakib},
  title        = {Logic for coalitions with bounded resources},
  journal      = {Journal of Logic and Computation},
  volume       = {21},
  number       = {6},
  pages        = {907--937},
  year         = {2011},
  doi          = {10.1093/LOGCOM/EXQ032},
}

@article{goranko19,
  author       = {Valentin Goranko and
                  Antti Kuusisto and
                  Raine R{\"{o}}nnholm},
  title        = {Alternating-time temporal logic {ATL} with finitely bounded semantics},
  journal      = {Theoretical Computer Science},
  volume       = {797},
  pages        = {129--155},
  year         = {2019},
  doi          = {10.1016/J.TCS.2019.05.029},
}

@article{nguyen18,
  author       = {Hoang Nga Nguyen and
                  Natasha Alechina and
                  Brian Logan and
                  Abdur Rakib},
  title        = {Alternating-time temporal logic with resource bounds},
  journal      = {Journal of Logic and Computation},
  volume       = {28},
  number       = {4},
  pages        = {631--663},
  year         = {2018},
  doi          = {10.1093/LOGCOM/EXV034},
}

@article{agotnes19,
  author       = {Thomas {\AA}gotnes and
                  Natasha Alechina},
  title        = {Coalition logic with individual, distributed and common knowledge},
  journal      = {Journal of Logic and Computation},
  volume       = {29},
  number       = {7},
  pages        = {1041--1069},
  year         = {2019},
  doi          = {10.1093/LOGCOM/EXV085},
}

@article{goranko09,
  author       = {Valentin Goranko and
                  Dmitry Shkatov},
  title        = {Tableau-based decision procedures for logics of strategic ability
                  in multiagent systems},
  journal      = {{ACM} Transactions on Computational Logic},
  volume       = {11},
  number       = {1},
  pages        = {3:1--3:51},
  year         = {2009},
  doi          = {10.1145/1614431.1614434},
}

@article{walther06,
  author       = {Dirk Walther and
                  Carsten Lutz and
                  Frank Wolter and
                  Michael J. Wooldridge},
  title        = {{ATL} Satisfiability is Indeed EXPTIME-complete},
  journal      = {Journal of Logic and Computation},
  volume       = {16},
  number       = {6},
  pages        = {765--787},
  year         = {2006},
  doi          = {10.1093/LOGCOM/EXL009},
}

@Inbook{Garson1984,
author="Garson, James W.",
editor="Gabbay, D.
and Guenthner, F.",
title="Quantification in Modal Logic",
bookTitle="Handbook of Philosophical Logic: Volume II: Extensions of Classical Logic",
year="1984",
publisher="Springer",
pages="249--307",
isbn="978-94-009-6259-0",
doi="10.1007/978-94-009-6259-0_5",
}

@article{goranko13,
  author       = {Valentin Goranko and
                  Wojciech Jamroga and
                  Paolo Turrini},
  title        = {Strategic games and truly playable effectivity functions},
  journal      = {Autonomous Agents and Multi-Agent Systems},
  volume       = {26},
  number       = {2},
  pages        = {288--314},
  year         = {2013},
  doi          = {10.1007/S10458-012-9192-Y},
}

@article{goranko06,
  author       = {Valentin Goranko and
                  Govert van Drimmelen},
  title        = {Complete axiomatization and decidability of Alternating-time temporal
                  logic},
  journal      = {Theoretical Computer Science},
  volume       = {353},
  number       = {1-3},
  pages        = {93--117},
  year         = {2006},
  doi          = {10.1016/J.TCS.2005.07.043},
}

@article{mogavero16,
  author       = {Fabio Mogavero and
                  Aniello Murano and
                  Giuseppe Perelli and
                  Moshe Y. Vardi},
  title        = {Reasoning about Strategies: on the Satisfiability Problem},
  journal      = {Logical Methods in Computer Science},
  volume       = {13},
  number       = {1},
  year         = {2017},
  doi          = {10.23638/LMCS-13(1:9)2017},
}

@article{mogavero14,
  author       = {Fabio Mogavero and
                  Aniello Murano and
                  Giuseppe Perelli and
                  Moshe Y. Vardi},
  title        = {Reasoning About Strategies: On the Model-Checking Problem},
  journal      = {{ACM} Transactions on Computational Logic},
  volume       = {15},
  number       = {4},
  pages        = {34:1--34:47},
  year         = {2014},
  doi          = {10.1145/2631917},
}

@inproceedings{desilva17,
  author       = {Lavindra de Silva and
                  Paolo Felli and
                  Jack C. Chaplin and
                  Brian Logan and
                  David Sanderson and
                  Svetan M. Ratchev},
  editor       = {Kate Larson and
                  Michael Winikoff and
                  Sanmay Das and
                  Edmund H. Durfee},
  title        = {Synthesising Industry-Standard Manufacturing Process Controllers},
  booktitle    = {Proceedings of the 16th {AAMAS}},
  pages        = {1811--1813},
  publisher    = {{ACM}},
  year         = {2017},
}

@inproceedings{ezekiel11,
  author       = {Jonathan Ezekiel and
                  Alessio Lomuscio and
                  Levente Molnar and
                  Sandor M. Veres},
  editor       = {Toby Walsh},
  title        = {Verifying Fault Tolerance and Self-Diagnosability of an Autonomous
                  Underwater Vehicle},
  booktitle    = {Proceedings of the 22nd {IJCAI}},
  pages        = {1659--1664},
  year         = {2011},
  doi          = {10.5591/978-1-57735-516-8/IJCAI11-279},
}

@inproceedings{jamroga18,
  author       = {Wojciech Jamroga and
                  Michal Knapik and
                  Damian Kurpiewski},
  editor       = {Robert Krimmer and
                  Melanie Volkamer and
                  V{\'{e}}ronique Cortier and
                  Rajeev Gor{\'{e}} and
                  Manik Hapsara and
                  Uwe Serd{\"{u}}lt and
                  David Duenas{-}Cid},
  title        = {Model Checking the {SELENE} E-Voting Protocol in Multi-agent Logics},
  booktitle    = {Proceedings of the 3rd {E-Vote-ID}},
  series       = {LNCS},
  volume       = {11143},
  pages        = {100--116},
  publisher    = {Springer},
  year         = {2018},
  doi          = {10.1007/978-3-030-00419-4\_7},
}

@inproceedings{akintunde20,
  author       = {Michael E. Akintunde and
                  Elena Botoeva and
                  Panagiotis Kouvaros and
                  Alessio Lomuscio},
  editor       = {Diego Calvanese and
                  Esra Erdem and
                  Michael Thielscher},
  title        = {Verifying Strategic Abilities of Neural-symbolic Multi-agent Systems},
  booktitle    = {Proceedings of the 17th {KR}},
  pages        = {22--32},
  year         = {2020},
  doi          = {10.24963/KR.2020/3},
}

@article{vanderhoek12,
  author       = {Wiebe van der Hoek and
                  Michael J. Wooldridge},
  title        = {Logics for Multiagent Systems},
  journal      = {{AI} Magazine},
  volume       = {33},
  number       = {3},
  pages        = {92--105},
  year         = {2012},
  doi          = {10.1609/AIMAG.V33I3.2427},
}

@Inbook{bulling010,
author="Nils Bulling and
                  J{\"{u}}rgen Dix and
Wojciech Jamroga",
editor="Dastani, Mehdi
and Hindriks, Koen V.
and Meyer, John-Jules Charles",
title="Model Checking Logics of Strategic Ability: Complexity*",
bookTitle="Specification and Verification of Multi-agent Systems",
year="2010",
publisher = {Springer},
pages="125--159",
doi="10.1007/978-1-4419-6984-2_5",
}

@inproceedings{sinha18,
  author       = {Arunesh Sinha and
                  Fei Fang and
                  Bo An and
                  Christopher Kiekintveld and
                  Milind Tambe},
  editor       = {J{\'{e}}r{\^{o}}me Lang},
  title        = {Stackelberg Security Games: Looking Beyond a Decade of Success},
  booktitle    = {Proceedings of the 27th {IJCAI}},
  pages        = {5494--5501},
  year         = {2018},
  doi          = {10.24963/IJCAI.2018/775},
}

@inproceedings{borgo05b,
  author       = {Stefano Borgo},
  editor       = {Stefania Bandini and
                  Sara Manzoni},
  title        = {Modal Operators with Adaptable Semantics for Multi-agent Systems},
  booktitle    = {Proceedings of the 5th {AI*IA}},
  series       = {LNCS},
  volume       = {3673},
  pages        = {186--197},
  publisher    = {Springer},
  year         = {2005},
  doi          = {10.1007/11558590\_20},
}

@inproceedings{goranko18,
  author       = {Valentin Goranko and
                  Sebastian Enqvist},
  editor       = {Elisabeth Andr{\'{e}} and
                  Sven Koenig and
                  Mehdi Dastani and
                  Gita Sukthankar},
  title        = {Socially Friendly and Group Protecting Coalition Logics},
  booktitle    = {Proceedings of the 17th {AAMAS}},
  pages        = {372--380},
  publisher    = {{IFAAMAS}},
  year         = {2018},
}

@inproceedings{mogavero10,
  author       = {Fabio Mogavero and
                  Aniello Murano and
                  Moshe Y. Vardi},
  editor       = {Kamal Lodaya and
                  Meena Mahajan},
  title        = {Reasoning About Strategies},
  booktitle    = {Proceedings of the 30th {FSTTCS}}, 
  year         = {2010},
  doi          = {10.4230/LIPICS.FSTTCS.2010.133},
}

@article{goranko23,
  author       = {Valentin Goranko},
  title        = {Logics for Strategic Reasoning of Socially Interacting Rational Agents: An Overview and Perspectives},
  journal      = {Logics},
  volume       = {1},
  number       = {1},
  pages        = {4--35},
  year         = {2023},
  doi          = {10.3390/logics1010003},
}

@article{goranko22,
  author       = {Valentin Goranko and
                  Fengkui Ju},
  title        = {A Logic for Conditional Local Strategic Reasoning},
  journal      = {Journal of Logic, Language and  Information},
  volume       = {31},
  number       = {2},
  pages        = {167--188},
  year         = {2022},
  doi          = {10.1007/S10849-022-09357-Y},
}

@inproceedings{belardinelli19,
  author       = {Francesco Belardinelli and
                  Wojciech Jamroga and
                  Damian Kurpiewski and
                  Vadim Malvone and
                  Aniello Murano},
  editor       = {Sarit Kraus},
  title        = {Strategy Logic with Simple Goals: Tractable Reasoning about Strategies},
  booktitle    = {Proceedings of the 28th {IJCAI}},
  pages        = {88--94},
  year         = {2019},
  doi          = {10.24963/IJCAI.2019/13},
}

@article{alur02,
  author       = {Rajeev Alur and
                  Thomas A. Henzinger and
                  Orna Kupferman},
  title        = {Alternating-time temporal logic},
  journal      = {Journal of the {ACM}},
  volume       = {49},
  number       = {5},
  pages        = {672--713},
  year         = {2002},
  doi          = {10.1145/585265.585270},
}

@article{pauly02,
  author       = {Marc Pauly},
  title        = {A Modal Logic for Coalitional Power in Games},
  journal      = {Journal of Logic and Computation},
  volume       = {12},
  number       = {1},
  pages        = {149--166},
  year         = {2002},
  doi          = {10.1093/LOGCOM/12.1.149},
}

@inproceedings{walther07,
  author       = {Dirk Walther and
                  Wiebe van der Hoek and
                  Michael J. Wooldridge},
  editor       = {Dov Samet},
  title        = {Alternating-time temporal logic with explicit strategies},
  booktitle    = {Proceedings of the 11th {TARK}},
  pages        = {269--278},
  year         = {2007},
  doi          = {10.1145/1324249.1324285},
}

@inproceedings{borgo07,
  author       = {Stefano Borgo},
  editor       = {Manuela M. Veloso},
  title        = {Coalitions in Action Logic},
  booktitle    = {Proceedings of 20th {IJCAI}},
  pages        = {1822--1827},
  year         = {2007},
}

@article{borgo05,
  author       = {Stefano Borgo},
  title        = {Quantificational Modal Logic with Sequential Kripke Semantics},
  journal      = {Journal of Applied Non-Classical Logics},
  volume       = {15},
  number       = {2},
  pages        = {137--188},
  year         = {2005},
  doi          = {10.3166/JANCL.15.137-188},
}